Automatically generated by Mendeley Desktop 1.19.2
Any changes to this file will be lost if it is regenerated by Mendeley.

BibTeX export options can be customized via Options -> BibTeX in Mendeley Desktop

@techreport{ShapefileDesc,
author = {ESRI},
file = {:C\:/Users/pippi/AppData/Local/Mendeley Ltd./Mendeley Desktop/Downloaded/Unknown - 1998 - ESRI Shapefile Technical Description(5).pdf:pdf},
institution = {ESRI},
title = {{ESRI Shapefile Technical Description}},
url = {www.esri.com,},
year = {1998}
}
@misc{QGSGeometrySource2018,
booktitle = {QGIS API Documentation},
title = {{QGIS API Documentation: /tmp/buildd/qgis-3.3.0+git20180710+2688a9d+15buster/src/core/geometry/qgsgeometry.cpp Source File}},
url = {https://qgis.org/api/qgsgeometry_8cpp_source.html},
urldate = {2018-07-13},
year = {2018}
}
@misc{QgisContributors,
author = {Contributors, Wikipeday},
booktitle = {Wikiepedia},
title = {{QGIS}},
url = {https://en.wikipedia.org/wiki/QGIS},
urldate = {2018-06-07}
}
@book{Aitchison2012,
author = {Aitchison, Alastair},
isbn = {978-1-4302-3492-0},
title = {{Pro Spatial SQL Server 2012}},
year = {2012}
}
@misc{ParseEmptyFromSql,
author = {{Philip Whitten}},
booktitle = {QGIS issues},
title = {{Bug report #19397: Parssing of empty geometry values from MicroSoft SQL Server - QGIS Application - QGIS Issue Tracking}},
url = {https://issues.qgis.org/issues/19397},
urldate = {2018-07-12},
year = {2018}
}
@misc{GDALEmpty,
abstract = {Empty(Geometry self) void OGR_G_Empty(OGRGeometryH hGeom) Clear geometry information. This restores the geometry to its initial state after construction, and before assignment of actual geometry. This function relates to the SFCOM IGeometry::Empty() method. This function is the same as the CPP method OGRGeometry::empty(). Parameters: ----------- hGeom: handle on the geometry to empty. IsEmpty(self, *args) source code IsEmpty(Geometry self) -> bool int OGR_G_IsEmpty(OGRGeometryH hGeom) Test if the geometry is empty. This method is the same as the CPP method OGRGeometry::IsEmpty(). Parameters: ----------- hGeom: The Geometry to test. TRUE if the geometry has no points, otherwise FALSE.},
booktitle = {GDAL/OGR Python API},
title = {{Empty(self, *args)}},
url = {http://gdal.org/python/osgeo.ogr.Geometry-class.html#Empty},
urldate = {2018-05-24}
}
@misc{WhatIsNull,
booktitle = {wiki.c2.com},
title = {{What Is Null}},
url = {http://wiki.c2.com/?WhatIsNull},
urldate = {2018-07-13},
year = {2010}
}
@misc{IntersectDefinition,
booktitle = {Cambridge Dictionary},
title = {{INTERSECT | meaning in the Cambridge English Dictionary}},
url = {https://dictionary.cambridge.org/dictionary/english/intersect},
urldate = {2018-11-12},
year = {2018}
}
@misc{Ramsey2010,
author = {Ramsey, Paul},
file = {:C\:/Users/pippi/Downloads/Nothing, Nada, Zip, Bupkus {\textperiodcentered} Paul Ramsey.pdf:pdf},
pages = {1--5},
title = {{Nothing, Nada, Zip, Bupkus}},
url = {http://blog.cleverelephant.ca/2010/03/nothing-nada-zip-bupkus.html},
urldate = {2018-05-24},
year = {2010}
}
@misc{QgsPointBugReport2018,
booktitle = {QGIS » QGIS Application},
title = {{Bug report #19190: QgsPoint class does not store empty point geometries - QGIS Application - QGIS Issue Tracking}},
url = {https://issues.qgis.org/issues/19190},
urldate = {2018-06-14},
year = {2018}
}
@misc{GarySherman2011,
author = {{Gary Sherman}},
booktitle = {Spatial Galaxy },
title = {{History of QGIS Committers}},
url = {http://spatialgalaxy.net/2011/09/23/history-of-qgis-committers/},
urldate = {2018-06-07},
year = {2011}
}
@misc{ESRINullOracle,
booktitle = {esri: Technical Support},
file = {:C\:/Users/pippi/Downloads/How To_ Insert a NULL or empty st_geometry attribute in Oracle.pdf:pdf},
title = {{How To : Insert a NULL or empty st _ geometry attribute in Oracle}},
url = {https://support.esri.com/en/technical-article/000010466},
urldate = {2018-05-24}
}
@misc{Rouault2015,
abstract = {trunk r29214 "GML/WFS: by default does not advertize NOT NULL fields since we treat empty strings as being null for historical reasons. By setting the open option EMPTY_AS_NULL=NO, empty strings will be reported as such and NOT NULL fields might be advertized (#5968)"},
author = {Rouault, Even},
booktitle = {GDAL},
file = {:C\:/Users/pippi/Downloads/#5968 (Empty elements in GML _ empty or NULL) – GDAL.pdf:pdf},
title = {{Empty elements in GML : empty or NULL}},
url = {https://trac.osgeo.org/gdal/ticket/5968},
urldate = {2018-05-24},
year = {2015}
}
@article{OGC2010,
abstract = {This part of OpenGIS{\textregistered} Simple Features Access (SFA), also called ISO 19125, describes the common architecture for simple feature geometry. The simple feature geometry object model is Distributed Computing Platform neutral and uses UML notation. The base Geometry class has subclasses for Point, Curve, Surface and GeometryCollection. Each geometric object is associated with a Spatial Reference System, which describes the coordinate space in which the geometric object is defined.},
author = {OGC},
file = {:C\:/Users/pippi/Downloads/06-103r4_Implementation_Specification_for_Geographic_Information_-_Simple_feature_access_-_Part_1_Common_Architecture_v1.2.1.pdf:pdf},
isbn = {05-007r7},
journal = {Open Geospatial Consortium, Inc},
pages = {93},
title = {{OpenGIS{\textregistered} Implementation Standard for Geographic information - Simple feature access - Part 1: Common architecture}},
url = {http://portal.opengeospatial.org/files/?artifact_id=25355E+Implementation+Standard+for+Geographic+information+-+Simple+feature+access#1},
year = {2010}
}
@misc{QGSProviders2018,
booktitle = {qgis/QGIS},
title = {{QGIS/src/providers/}},
url = {https://github.com/qgis/QGIS/tree/master/src/providers},
urldate = {2018-07-12},
year = {2018}
}
@misc{Loskot2010,
author = {Loskot, Mateusz},
file = {:C\:/Users/pippi/Downloads/Mateusz Loskot __ hacking on, working out, living up.pdf:pdf},
title = {{SqlGeometry and POINT EMPTY in WKB}},
url = {http://mateusz.loskot.net/post/2010/02/26/sqlgeometry-and-point-empty-in-wkb/},
urldate = {2018-05-24},
year = {2010}
}
@misc{QGSGeometryClass,
title = {{QgsGeometry Class Reference}},
url = {https://qgis.org/api/2.18/classQgsGeometry.html#details},
urldate = {2018-05-31},
year = {2017}
}
@misc{GDALIntersection,
abstract = {a new geometry representing the intersection or NULL if there is no intersection or an error occurs.},
booktitle = {GDAL/OGR Python API},
title = {{def Intersection(self, *args):}},
url = {http://gdal.org/python/osgeo.ogr-pysrc.html#Geometry.Intersection},
urldate = {2018-05-24}
}
@misc{ArcGISTutorialForEmpty,
booktitle = {ArcGIS Server},
title = {{Tutorial: Perform web editing using data from a database—Documentation | ArcGIS Enterprise}},
url = {http://enterprise.arcgis.com/en/server/latest/get-started/windows/tutorial-performing-web-editing-using-data-from-a-database.htm},
urldate = {2018-07-12},
year = {2018}
}
@misc{SetTheoryOverall,
author = {Contributors, Wikipedia},
booktitle = {Wikipedia, The Free Encyclopedia.},
title = {{Set (mathematics)}},
url = {https://en.wikipedia.org/w/index.php?title=Set_(mathematics)&oldid=866126059},
urldate = {2018-11-02},
year = {2018}
}
@misc{QgisChangelogV3,
title = {{Changelog for QGIS 3.0}},
url = {https://www.qgis.org/en/site/forusers/visualchangelog30/},
urldate = {2018-06-07},
year = {2018}
}
@misc{QGIS,
keywords = {Abot},
mendeley-tags = {Abot},
title = {{QGIS - The Leading Open Source Desktop GIS}},
url = {https://www.qgis.org/en/site/about/index.html#},
urldate = {2018-05-31}
}
@misc{QGSAbstractGeometry,
booktitle = {QGIS API},
title = {{QGIS API Documentation: QgsAbstractGeometry Class Reference}},
url = {https://qgis.org/api/classQgsAbstractGeometry.html},
urldate = {2018-11-16},
year = {2018}
}
@misc{ISO19125-2,
publisher = {International Organization for Standardization},
title = {{ISO 19125-2 Geographic information - Simple feature access. Part 2: SQL Option. First Edition.}},
year = {2004}
}
